<?xml version="1.0" encoding="UTF-8"?><record xmlns="http://www.loc.gov/MARC21/slim" xmlns:cinclude="http://apache.org/cocoon/include/1.0" xmlns:zs="http://www.loc.gov/zing/srw/">
  <leader>00458cz  a2200133n  4500</leader>
  <controlfield tag="001">nb2010017514</controlfield>
  <controlfield tag="003">DLC</controlfield>
  <controlfield tag="005">20140801073937.0</controlfield>
  <controlfield tag="008">100707n| azannaabn          |n aaa      </controlfield>
  <datafield tag="010" ind1=" " ind2=" ">
    <subfield code="a">nb2010017514</subfield>
  </datafield>
  <datafield tag="035" ind1=" " ind2=" ">
    <subfield code="a">(OCoLC)oca08553622</subfield>
  </datafield>
  <datafield tag="040" ind1=" " ind2=" ">
    <subfield code="a">Uk</subfield>
    <subfield code="b">eng</subfield>
    <subfield code="e">rda</subfield>
    <subfield code="c">Uk</subfield>
    <subfield code="d">Uk</subfield>
    <subfield code="d">DNLM</subfield>
  </datafield>
  <datafield tag="100" ind1="1" ind2=" ">
    <subfield code="a">Brittberg, Mats</subfield>
  </datafield>
  <datafield tag="670" ind1=" " ind2=" ">
    <subfield code="a">Cartilage repair, 2010:</subfield>
    <subfield code="b">t.p. (Mats Brittberg, MD, Professor, Cartilage Research Unit, Orthopaedic Department, Gothenburg University, Kungsbacka, Sweden)</subfield>
  </datafield>
</record>